@book{elements,
  title={The elements of statistical learning},
  author={Friedman, J. and Hastie, T. and Tibshirani, R.},
  volume={1},
  year={2001},
  publisher={Springer Series in Statistics}
}

@article{hothorn2006unbiased,
  title={Unbiased recursive partitioning: A conditional inference framework},
  author={Hothorn, T. and Hornik, K. and Zeileis, A.},
  journal={Journal of Computational and Graphical Statistics},
  volume={15},
  number={3},
  pages={651--674},
  year={2006},
  publisher={American Statistical Association}
}

@article{strasser,
  title={On the asymptotic theory of permutation statistics},
  author={Strasser, H. and Weber, C.},
  year={1999},
  journal={Report Series SFB "Adaptive Information Systems and Modelling in Economics and Management Science", 27.},
  publisher={SFB Adaptive Information Systems and Modelling in Economics and Management Science, WU Vienna University of Economics and Business}
}

@misc{permutation, 
title = {Permutation Tests}, 
author = {Saunak Sen}, 
year = {accessed February 12, 2013}, 
url = {http://www.epibiostat.ucsf.edu/biostat/sen/statgen/permutation.html#_introduction}
}

@book{moore2008introduction,
  title={Introduction to the Practice of Statistics Study Guide with Solutions Manual},
  author={Moore, David S and McCabe, George},
  year={2008},
  publisher={WH Freeman},
  url = {http://bcs.whfreeman.com/ips5e/}
}

@Manual{ipred,
  title = {ipred: Improved Predictors},
  author = {Andrea Peters and Torsten Hothorn},
  year = {2012},
  note = {R package version 0.9-1},
  url = {http://CRAN.R-project.org/package=ipred},
}


@Manual{mboost,
  title = {Model-Based Boosting},
  author = {Torsten Hothorn and Peter Buehlmann and Thomas Kneib and Matthias Schmid and Benjamin Hofner},
  year = {2012},
  note = {R package version 2.1-3},
  url = {http://CRAN.R-project.org/package=mboost},
}



@Manual{rpart,
  title = {rpart: Recursive Partitioning},
  author = {Terry Therneau and Beth Atkinson and Brian Ripley},
  year = {2012},
  note = {R package version 4.1-0},
  url = {http://CRAN.R-project.org/package=rpart},
}



@article{no_significance,
  title={Expert systems-rule induction with statistical data},
  author={Mingers, John},
  journal={Journal of the operational research society},
  pages={39--47},
  year={1987},
  publisher={JSTOR}
}

@article{CART,
  title={Classification and Regression Trees},
  author={Breiman, L. and Friedman, J. and Ohlsen, R. and Stone, C.},
  journal={Wadsworth International Group},
  year={1984}
}

